%% Begin<NNS>
@article{williams2000simple,
  title={Simple rules yield complex food webs},
  author={Williams, Richard J and Martinez, Neo D},
  journal={Nature},
  volume={404},
  number={6774},
  pages={180--183},
  year={2000},
  publisher={Nature Publishing Group}
}
@article{williams2010probabilistic,
  title={The probabilistic niche model reveals the niche structure and role of body size in a complex food web},
  author={Williams, Richard J and Anandanadesan, Ananthi and Purves, Drew},
  journal={PloS one},
  volume={5},
  number={8},
  pages={e12092},
  year={2010},
  publisher={Public Library of Science}
}
@article{williams2011probabilistic,
  title={The probabilistic niche model reveals substantial variation in the niche structure of empirical food webs},
  author={Williams, Richard J and Purves, Drew W},
  journal={Ecology},
  volume={92},
  number={9},
  pages={1849--1857},
  year={2011},
  publisher={Wiley Online Library}
}
@article{li2017simple,
  title={Simple spatial scaling rules behind complex cities},
  author={Li, Ruiqi and Dong, Lei and Zhang, Jiang and Wang, Xinran and Wang, Wen-Xu and Di, Zengru and Stanley, H Eugene},
  journal={Nature communications},
  volume={8},
  number={1},
  pages={1841},
  year={2017},
  publisher={Nature Publishing Group}
}
@book{barabasi2016network,
  title={Network science},
  author={Barab{\'a}si, Albert-L{\'a}szl{\'o}},
  year={2016},
  publisher={Cambridge university press}
}
%% End<NNS>
